<?xml version="1.0" encoding="UTF-8"?><record xmlns="http://www.loc.gov/MARC21/slim" xmlns:cinclude="http://apache.org/cocoon/include/1.0" xmlns:zs="http://www.loc.gov/zing/srw/">
  <leader>00754cz  a2200217n  4500</leader>
  <controlfield tag="001">n  83700363 </controlfield>
  <controlfield tag="003">DLC</controlfield>
  <controlfield tag="005">20081205075546.0</controlfield>
  <controlfield tag="008">840402n| acaaaaaan          |a ana      </controlfield>
  <datafield tag="010" ind1=" " ind2=" ">
    <subfield code="a">n  83700363 </subfield>
  </datafield>
  <datafield tag="035" ind1=" " ind2=" ">
    <subfield code="a">(OCoLC)oca01102368</subfield>
  </datafield>
  <datafield tag="040" ind1=" " ind2=" ">
    <subfield code="a">DLC</subfield>
    <subfield code="b">eng</subfield>
    <subfield code="c">DLC</subfield>
    <subfield code="d">DLC</subfield>
    <subfield code="d">OCoLC</subfield>
  </datafield>
  <datafield tag="130" ind1=" " ind2="0">
    <subfield code="a">Kongjang kwalli chʻongsŏ</subfield>
  </datafield>
  <datafield tag="430" ind1=" " ind2="0">
    <subfield code="a">Management manual for plant managers</subfield>
  </datafield>
  <datafield tag="410" ind1="2" ind2=" ">
    <subfield code="a">Kungnip Kongŏp Yŏnʼguso (Korea).</subfield>
    <subfield code="b">Kongŏp Kyŏngyŏng Yŏnʼgusil.</subfield>
    <subfield code="t">Kongjang kwalli chʻongsŏ</subfield>
  </datafield>
  <datafield tag="642" ind1=" " ind2=" ">
    <subfield code="a">che 2-chip</subfield>
    <subfield code="5">DLC</subfield>
  </datafield>
  <datafield tag="643" ind1=" " ind2=" ">
    <subfield code="a">Seoul</subfield>
    <subfield code="b">Kungnip Kongŏp Yŏnʼguso Kongŏp Kyŏngyŏng Yŏnʼgusil</subfield>
  </datafield>
  <datafield tag="644" ind1=" " ind2=" ">
    <subfield code="a">f</subfield>
    <subfield code="5">DLC</subfield>
  </datafield>
  <datafield tag="645" ind1=" " ind2=" ">
    <subfield code="a">t</subfield>
    <subfield code="5">DLC</subfield>
  </datafield>
  <datafield tag="646" ind1=" " ind2=" ">
    <subfield code="a">s</subfield>
    <subfield code="5">DLC</subfield>
  </datafield>
  <datafield tag="670" ind1=" " ind2=" ">
    <subfield code="a">Kongŏp kyŏngyŏngjarŭl wihan kongjang kwalli chichʻim, 1962:</subfield>
    <subfield code="b">cover</subfield>
  </datafield>
</record>